<record><leader>00000cas a22000007a 4500</leader><controlfield tag="001">32684648</controlfield><controlfield tag="008">950621d19161918vauwr ne      0    0eng d</controlfield><datafield ind1=" " ind2=" " tag="010"><subfield code="a">sn 95079181 </subfield></datafield><datafield ind1=" " ind2=" " tag="040"><subfield code="a">NVK</subfield><subfield code="b">eng</subfield><subfield code="c">NVK</subfield><subfield code="d">OCLCQ</subfield><subfield code="d">OCLCF</subfield><subfield code="d">OCLCO</subfield></datafield><datafield ind1="1" ind2=" " tag="029"><subfield code="a">AU@</subfield><subfield code="b">000011783255</subfield></datafield><datafield ind1=" " ind2=" " tag="042"><subfield code="a">msc</subfield></datafield><datafield ind1=" " ind2=" " tag="043"><subfield code="a">n-us-va</subfield></datafield><datafield ind1="0" ind2="4" tag="245"><subfield code="a">The Industrial era and the railroader combined.</subfield></datafield><datafield ind1=" " ind2=" " tag="260"><subfield code="a">Roanoke, Va. :</subfield><subfield code="b">[s.n.],</subfield><subfield code="c">1916-</subfield></datafield><datafield ind1=" " ind2=" " tag="300"><subfield code="a">v.</subfield></datafield><datafield ind1=" " ind2=" " tag="310"><subfield code="a">Weekly</subfield></datafield><datafield ind1="0" ind2=" " tag="362"><subfield code="a">Vol. 64, no. 23 (Nov. 10, 1916)-</subfield></datafield><datafield ind1=" " ind2=" " tag="500"><subfield code="a">Editors: W.E. Nichols, W.O. Lipscomb, &lt;1916&gt;.</subfield></datafield><datafield ind1=" " ind2=" " tag="500"><subfield code="a">"Official paper of the central trades and labor council of Roanoke, Va."</subfield></datafield><datafield ind1=" " ind2=" " tag="500"><subfield code="a">Labor paper.</subfield></datafield><datafield ind1=" " ind2="0" tag="650"><subfield code="a">Railroads</subfield><subfield code="z">Virginia</subfield><subfield code="v">Newspapers.</subfield></datafield><datafield ind1=" " ind2="0" tag="651"><subfield code="a">Roanoke (Va.)</subfield><subfield code="v">Newspapers.</subfield></datafield><datafield ind1=" " ind2="7" tag="655"><subfield code="a">Newspapers.</subfield><subfield code="2">fast</subfield><subfield code="0">(OCoLC)fst01423814</subfield></datafield><datafield ind1=" " ind2="7" tag="650"><subfield code="a">Railroads.</subfield><subfield code="2">fast</subfield><subfield code="0">(OCoLC)fst01088711</subfield></datafield><datafield ind1=" " ind2="7" tag="651"><subfield code="a">Virginia.</subfield><subfield code="2">fast</subfield><subfield code="0">(OCoLC)fst01204597</subfield></datafield><datafield ind1=" " ind2="7" tag="651"><subfield code="a">Virginia</subfield><subfield code="z">Roanoke.</subfield><subfield code="2">fast</subfield><subfield code="0">(OCoLC)fst01206560</subfield></datafield><datafield ind1=" " ind2=" " tag="752"><subfield code="a">United States</subfield><subfield code="b">Virginia</subfield><subfield code="d">Roanoke.</subfield></datafield><datafield ind1="0" ind2="4" tag="780"><subfield code="t">Railroader (Roanoke, Va.)</subfield><subfield code="w">(DLC)sn 95079176</subfield></datafield><datafield ind1="0" ind2="4" tag="780"><subfield code="t">Industrial era (Roanoke, Va.)</subfield><subfield code="w">(DLC)sn 95079177</subfield></datafield></record>